<?xml version="1.0" encoding="UTF-8"?><collection xmlns="http://www.loc.gov/MARC21/slim"><record><leader>00507nam--2200181-i-4500</leader><controlfield tag="001">000001072</controlfield><controlfield tag="002">20161230</controlfield><controlfield tag="005">20161230201024</controlfield><controlfield tag="008">060222s1000------------r-----000-0-fre-d</controlfield><datafield ind1=" " ind2=" " tag="040"><subfield code="a">IFIN-HH</subfield></datafield><datafield ind1=" " ind2=" " tag="041"><subfield code="a">fre</subfield></datafield><datafield ind1=" " ind2=" " tag="080"><subfield code="a">541.1(075.8)</subfield></datafield><datafield ind1="1" ind2=" " tag="100"><subfield code="a">Henri, Victor</subfield></datafield><datafield ind1="1" ind2="0" tag="245"><subfield code="a">Cours de chimie physique, suivi d'applications a la chimie et a la biologie</subfield><subfield code="c">Victor henri</subfield></datafield><datafield ind1=" " ind2=" " tag="260"><subfield code="a">Paris</subfield><subfield code="b">Libraire Scientifique A.Hermann,</subfield><subfield code="c">1906</subfield></datafield><datafield ind1=" " ind2=" " tag="300"><subfield code="a">336 P</subfield></datafield><datafield ind1=" " ind2=" " tag="852"><subfield code="a">44541</subfield><subfield code="c">H.H</subfield></datafield><datafield ind1=" " ind2=" " tag="CAT"><subfield code="a">Sys</subfield><subfield code="c">20130411</subfield><subfield code="h">142315</subfield></datafield></record></collection>